@book{Blom2019,
  address  = {Barcelona},
  author    = {Blom, Philipp},
  isbn      = {978-84-339-6445-8},
  pages     = {343},
  publisher = {Editorial Anagrama},
  title     = {{El motín de la naturaleza. Historia de la Pequeña Edad de Hielo (1570-1700), así como del surgimiento del mundo moderno, junto con algunas reflexiones sobre el clima de nuestros días}},
  year      = {2019}
}

@article{Feliu2008,
  author  = {Feliu, Francesc},
  journal = {Anuari Verdaguer},
  number  = {16},
  title   = {{Problemes en l'edició de textos catalans de l'edat moderna}},
  year    = {2008}
}

@book{Martinez-Gil2013,
  abstract  = {Primera edició en format digital.},
  address   = {Barcelona},
  author    = {Martínez-Gil, Víctor and Gavagnin, Gabriella and Martí, Sadurní and Miralles, Eulàlia and Pujol, Josep and Valsalobre, Pep},
  isbn      = {9788490643037},
  publisher = {UOC},
  title     = {{Models i criteris de l'edició de textos}},
  url       = {https://discovery.uoc.edu/iii/encore/record/C__Rb1056924__SModels i criteris de l'edici%F3 de textos__Orightresult__U__X7?lang=cat},
  year      = {2013}
}

@book{Miralles2020,
  address   = {Barcelona},
  author    = {Miralles, Eulàlia},
  publisher = {Editorial Barcino},
  title     = {{Versos per vèncer. Poesia de la Guerra dels Segadors (1640 - 1652). Volum I}},
  year      = {2020}
  volume    = {1}
}

@book{Miralles2010,
  address   = {Bellcaire d'Empordà},
  author    = {Miralles, Eulàlia},
  publisher = {Edicions Vitel·la},
  title     = {{Del Cinccents al Setcents. Tres-cents anys de literatura catalana}},
  year      = {2010}
}

@book{Rossich1979,
  address   = {Girona},
  author    = {Rossich, Albert},
  publisher = {Col·legi Universitari de Girona},
  title     = {{Una poètica del Barroc. El «Parnàs català»}},
  year      = {1979}
}

@book{Rossich1985,
  address   = {Barcelona},
  isbn      = {8485704665},
  author    = {Rossich, Albert},
  publisher = {Quaderns Crema},
  title     = {{Poesia eròtica i pornogràfica catalana del segle XVII}},
  year      = {1985}
}

@article{Rossich1997,
  author  = {Rossich, Albert},
  issn    = {2014-6000},
  journal = {Manuscrits: revista d'història moderna},
  number  = {15},
  pages   = {127--134},
  title   = {{És vàlid avui el concepte de decadència de la cultura catalana a l'època moderna? Es pot identificar decadència amb castellanització?}},
  year    = {1997}
}

@book{Rossich2011,
  address   = {Barcelona},
  author    = {Rossich, Albert},
  publisher = {Vicens Vives},
  title     = {{Panorama Crític Catalana. Edat Moderna. Volum 3}},
  year      = {2011}
  volume    = {3}
}

@book{Rossich2006,
  address   = {Bellcaire d'Empordà},
  author    = {Rossich, Albert and Valsalobre, Pep},
  publisher = {Edicions Vitel·la},
  title     = {{Poesia catalana del barroc. Antologia}},
  year      = {2006}
}

@book{Santanach2011,
  address   = {Barcelona},
  author    = {Santanach, Joan and Torres, Xavier and Garcia, Albert},
  publisher = {Ajuntament de Barcelona},
  title     = {{Llengua i literatura. Barcelona 1700}},
  year      = {2011}
}

@book{Solervicens2016,
  address   = {Barcelona},
  author    = {Solervicens, Josep},
  publisher = {Enciclopèdia catalana, Editorial Barcino i Ajuntament de Barcelona},
  title     = {{Història de la Literatura Catalana. Volum IV. Literatura moderna. Renaixement, Barroc i Il·lustració}},
  year      = {2016}
  volume    = {4}
}

@book{Veny2016,
  address   = {Lleida},
  author    = {Veny, Joan Ramon},
  publisher = {Pagès Editors},
  title     = {{Criticar el text. Per una metodologia de l'aparat crític d'autor}},
  year      = {2016}
}
