@article{google,
author = {Jeffrey Dean and Sanjay Ghemawat},
title = {MapReduce: Simplified Data Processing on Large Clusters},
year = 2004,
}

@misc{s4,
author = {Leonardo Neumeyer, Bruce Robbins, Anish Nair and Anand Kesari},
title = {S4: Distributed Stream Computing Platform},
year = 2010,
howpublished =
{\url{http://www.cs.cmu.edu/~pavlo/courses/fall2013/static/papers/S4PaperV2.pdf}
}
}

@misc{cassandra,
  author = {Avinash Lakshman and Prashant Malik},
  title = {Cassandra - A Decentralized Structured Storage System},
  year = 2010,
  howpublished = {\url{
http://www.cs.cmu.edu/~pavlo/courses/fall2013/static/papers/p35-lakshman.pdf}}
}

@misc{scala,
  author = {Martin Odersky and many others},
  title = {An Overview of the Scala Programming Language},
  year = 2006,
  howpublished = {\url{http://www.scala-lang.org/docu/files/ScalaOverview.pdf}}
}
